<?xml version="1.0" encoding="UTF-8"?><collection xmlns="http://www.loc.gov/MARC21/slim"><record><leader>00502nam--2200145-i-4500</leader><controlfield tag="001">000027870</controlfield><controlfield tag="002">20161230</controlfield><controlfield tag="005">20161230201037</controlfield><controlfield tag="008">060222s1000------------r-----000-0-eng-d</controlfield><datafield ind1=" " ind2=" " tag="080"><subfield code="a">539.143.43</subfield></datafield><datafield ind1=" " ind2=" " tag="100"><subfield code="a">Led,Jens Jorgen., Bak, Borge And Petersen, Erik Jonas</subfield></datafield><datafield ind1=" " ind2=" " tag="245"><subfield code="a">Reversible chemical changes of polypeptides in cf3cooh as seen by nuclear magnetic resonance spectra</subfield></datafield><datafield ind1=" " ind2=" " tag="260"><subfield code="a">Kobenhavn, Det Kongelige Danske Videnskabernes Selskab, 1969, 11p</subfield></datafield><datafield ind1=" " ind2=" " tag="490"><subfield code="a">Matematisk-fysiske</subfield></datafield><datafield ind1=" " ind2=" " tag="852"><subfield code="a">33443</subfield></datafield></record></collection>